% This file was created with JabRef 2.11.1.
% Encoding: Cp1252


@Article{Zieher2012,
  Title                    = {{Digital Terrain Model Resolution and its Influence on Estimating the Extent of Rockfall Areas}},
  Author                   = {Zieher, T. and Formanek, T. and Bremer, M. and Mei{\ss}l, G. and Rutzinger, M.},
  Journal                  = {Transactions In GIS},
  Year                     = {2012},
  Number                   = {5},
  Pages                    = {691--699},
  Volume                   = {16},
  Af                       = {Zieher, ThomasEOLEOLFormanek, TobiasEOLEOLBremer, MagnusEOLEOLMeissl, GertraudEOLEOLRutzinger, Martin},
  Doi                      = {10.1111/j.1467-9671.2012.01334.x},
  Ri                       = {Rutzinger, Martin/A-7011-2010},
  Sn                       = {1361-1682},
  Ut                       = {WOS:000309747500008}
}

@Article{Zieher2017a,
  Title                    = {{Water content dynamics at plot scale--comparison of time-lapse electrical resistivity tomography monitoring and pore pressure modelling}},
  Author                   = {Thomas Zieher and Gerhard Markart and David Ottowitz and Alexander R{\"o}mer and Martin Rutzinger and Gertraud Mei{\ss}l and Clemens Geitner},
  Journal                  = {Journal of Hydrology },
  Year                     = {2017},
  Pages                    = {195--209},
  Volume                   = {544},
  Doi                      = {10.1016/j.jhydrol.2016.11.019},
  ISSN                     = {0022-1694}
}

@InCollection{Zieher2016a,
  Title                    = {{Data requirements for the assessment of shallow landslide susceptibility using logistic regression}},
  Author                   = {Zieher, T and Perzl, F and Gruber, FE and Rutzinger, M and Mei{\ss}l, G and Geitner, C},
  Booktitle                = {Landslides and Engineered Slopes. Experience, Theory and Practice},
  Publisher                = {CRC Press},
  Year                     = {2016},
  Pages                    = {2139--2146},
  Doi                      = {10.1201/b21520-270},
  ISSN                     = {978-1-138-02988-0}
}

@Article{Zieher2016,
  Title                    = {{A multi-annual landslide inventory for the assessment of shallow landslide susceptibility - Two test cases in Vorarlberg, Austria}},
  Author                   = {Thomas Zieher and Frank Perzl and Monika R{\"o}ssel and Martin Rutzinger and Gertraud Mei{\ss}l and Gerhard Markart and Clemens Geitner},
  Journal                  = {Geomorphology },
  Year                     = {2016},
  Pages                    = {40--54},
  Volume                   = {259},
  Doi                      = {10.1016/j.geomorph.2016.02.008},
  ISSN                     = {0169-555X}
}

@Article{Zieher2017c,
  Title                    = {{Sensitivity analysis and calibration of a dynamic physically based slope stability model}},
  Author                   = {Zieher, T. and Rutzinger, M. and Schneider-Muntau, B. and Perzl, F. and Leidinger, D. and Formayer, H. and Geitner, C.},
  Journal                  = {Natural Hazards and Earth System Sciences},
  Year                     = {2017},
  Number                   = {6},
  Pages                    = {971--992},
  Volume                   = {17},
  Doi                      = {10.5194/nhess-17-971-2017}
}

@Article{Zieher2017b,
  Title                    = {{Are real-world shallow landslides reproducible by physically-based models? Four test cases in the Laternser valley, Vorarlberg (Austria)}},
  Author                   = {Zieher, Thomas and Schneider-Muntau, Barbara and Mergili, Martin},
  Journal                  = {Landslides},
  Year                     = {2017},
  Number                   = {6},
  Pages                    = {2009\textendash2023},
  Volume                   = {14},
  Doi                      = {10.1007/s10346-017-0840-9},
  ISSN                     = {1612-5118},
  Url                      = {http://dx.doi.org/10.1007/s10346-017-0840-9}
}

