% This file was created with JabRef 2.10b2.
% Encoding: UTF-8


